<?xml version="1.0" encoding="UTF-8"?><collection xmlns="http://www.loc.gov/MARC21/slim"><record><leader>00500nam--2200193-u-4500</leader><controlfield tag="001">000054132</controlfield><controlfield tag="002">20161230</controlfield><controlfield tag="005">20161230201051</controlfield><controlfield tag="008">110829s1000------------r-----000-0-rus-d</controlfield><datafield ind1=" " ind2=" " tag="040"><subfield code="a">IFIN-HH</subfield></datafield><datafield ind1=" " ind2=" " tag="041"><subfield code="a">rus</subfield></datafield><datafield ind1=" " ind2=" " tag="080"><subfield code="a">621.384</subfield></datafield><datafield ind1="1" ind2=" " tag="110"><subfield code="a">Naucino-issledovatelskii Institut</subfield></datafield><datafield ind1="1" ind2="0" tag="245"><subfield code="a">Elektrofiziceskaia apparatura</subfield><subfield code="b">Sborik statei</subfield></datafield><datafield ind1=" " ind2=" " tag="260"><subfield code="a">Moskva</subfield><subfield code="b">Atomizdat</subfield><subfield code="c">1964</subfield></datafield><datafield ind1=" " ind2=" " tag="300"><subfield code="a">6 VOLUME</subfield></datafield><datafield ind1="1" ind2=" " tag="787"><subfield code="a">Vipusk 17</subfield><subfield code="d">1979</subfield><subfield code="h">160p</subfield></datafield><datafield ind1=" " ind2=" " tag="852"><subfield code="a">20667</subfield><subfield code="c">537.533</subfield></datafield><datafield ind1=" " ind2=" " tag="CAT"><subfield code="a">Sys</subfield><subfield code="c">20110830</subfield><subfield code="h">085304</subfield></datafield></record></collection>